@article{More:1981:AFS:355934.355943,
    author = {Mor{\'e}, J. J. and Garbow, Burton S. and Hillstrom, Kenneth E.},
    title = {Algorithm 566: FORTRAN Subroutines for Testing Unconstrained Optimization Software [C5], [E4]},
    journal = {ACM Trans. Math. Softw.},
    issue_date = {March 1981},
    volume = {7},
    number = {1},
    month = mar,
    year = {1981},
    issn = {0098-3500},
    pages = {136--140},
    numpages = {5},
    url = {http://doi.acm.org/10.1145/355934.355943},
    doi = {10.1145/355934.355943},
    acmid = {355943},
    publisher = {ACM},
    address = {New York, NY, USA},
},

@book{Nocedal2006NO,
    edition = "2nd",
    author = "J. Nocedal and S. J. Wright",
    title = "Numerical Optimization",
    publisher = "Springer",
    year = "2006",
    address = "New York",
    ad_theotech = "General"
},

@book{Friedlander94,
    edition = "1",
    author = "Ana Friedlander",
    title = "Elementos de Programação Não-Linear",
    publisher = "Editora UNICAMP",
    year = "1994",
}

@article{Wachsmuth201378,
    title = {On \{LICQ\} and the uniqueness of Lagrange multipliers },
    journal = {Operations Research Letters },
    volume = {41},
    number = {1},
    pages = {78 - 80},
    year = {2013},
    note = {},
    issn = {0167-6377},
    doi = {http://dx.doi.org/10.1016/j.orl.2012.11.009},
    url = {http://www.sciencedirect.com/science/article/pii/S0167637712001459},
    author = {Gerd Wachsmuth},
    keywords = {Lagrange multiplier},
    keywords = {Constraint qualification},
    keywords = {Optimality conditions }
},

@misc{web:rubber,
    author = "Paul Natsuo Kishimoto",
    title = "Rubber in Launchpad",
    month = "November",
    year = "2009",
    url = "https://launchpad.net/rubber/"
},
