@article{Wachsmuth201378,
title = {On \{LICQ\} and the uniqueness of Lagrange multipliers },
journal = {Operations Research Letters },
volume = {41},
number = {1},
pages = {78 - 80},
year = {2013},
note = {},
issn = {0167-6377},
doi = {http://dx.doi.org/10.1016/j.orl.2012.11.009},
url = {http://www.sciencedirect.com/science/article/pii/S0167637712001459},
author = {Gerd Wachsmuth},
keywords = {Lagrange multiplier},
keywords = {Constraint qualification},
keywords = {Optimality conditions }
}
